<?xml version="1.0" encoding="UTF-8"?><record xmlns="http://www.loc.gov/MARC21/slim" xmlns:cinclude="http://apache.org/cocoon/include/1.0" xmlns:zs="http://www.loc.gov/zing/srw/">
  <leader>00617cz  a2200145n  4500</leader>
  <controlfield tag="001">n  50038082 </controlfield>
  <controlfield tag="003">DLC</controlfield>
  <controlfield tag="005">19990831130416.0</controlfield>
  <controlfield tag="008">800825n| acannaab           |a ana      </controlfield>
  <datafield tag="010" ind1=" " ind2=" ">
    <subfield code="a">n  50038082 </subfield>
  </datafield>
  <datafield tag="040" ind1=" " ind2=" ">
    <subfield code="a">DLC</subfield>
    <subfield code="c">DLC</subfield>
    <subfield code="d">DLC</subfield>
  </datafield>
  <datafield tag="110" ind1="2" ind2=" ">
    <subfield code="a">Haileybury College</subfield>
  </datafield>
  <datafield tag="510" ind1="2" ind2=" ">
    <subfield code="w">b</subfield>
    <subfield code="a">Haileybury and Imperial Service College</subfield>
  </datafield>
  <datafield tag="667" ind1=" " ind2=" ">
    <subfield code="a">Haileybury College (founded in 1862) and Imperial Service College (founded in 1874 as United Services College) merged in 1942 to form Haileybury and Imperial Service College</subfield>
  </datafield>
  <datafield tag="667" ind1=" " ind2=" ">
    <subfield code="a">Not same as Haileybury. East India college, although School located in buildings formerly occupied by latter</subfield>
  </datafield>
</record>